%App Engine
@MISC{app-engine-www,
  title  = {Google {A}pp {E}ngine},
  author = {Google},
  year   = {2009},
  note   = {\newline \url{http://appengine.google.com/}}
}

@MISC{app-engine-java,
  title  = {Seriously this time, the new language on {A}pp {E}ngine: {J}ava},
  author = {Don Schwarz and 
  			Toby Reyelts},
  month  = {April},
  year   = {2009},
  note   = {\newline \url{http://googleappengine.blogspot.com/2009/04/seriously-this-time-new-language-on-app.html}}
}

@MISC{app-engine-intro,
  title  = {Introducing {G}oogle {A}pp {E}ngine},
  author = {Paul McDonald},
  month  = {April},
  year   = {2008},
  note   = {\newline \url{http://googleappengine.blogspot.com/2008/04/introducing-google-app-engine-our-new.html}}
}

@MISC{app-engine-quotas,
  title  = {App {E}ngine {Q}uotas},
  author = {Google},
  month  = {April},
  year   = {2009},
  note   = {\newline \url{http://code.google.com/appengine/docs/quotas.html}}
}

@MISC{app-engine-datastore,
  title  = {App {E}ngine {D}atastore},
  author = {Google},
  month  = {April},
  year   = {2009},
  note   = {\newline \url{http://code.google.com/appengine/docs/python/datastore/}}
}

@MISC{app-engine-sandbox,
  title  = {App {E}ngine {S}andbox},
  author = {Google},
  month  = {April},
  year   = {2009},
  note   = {\newline \url{http://code.google.com/appengine/docs/whatisgoogleappengine.html}}
}

@MISC{app-engine-admin,
  title  = {App {E}ngine {A}dminstration {C}onsole},
  author = {Google},
  year   = {2009},
  note   = {\newline \url{http://code.google.com/appengine/docs/theadminconsole.html}}
}

@MISC{app-engine-webapp,
  title  = {App {E}ngine {w}ebapp Framework},
  author = {Google},
  year   = {2009},
  note   = {\newline \url{http://code.google.com/appengine/docs/python/tools/webapp/}}
}

@MISC{django-www,
  title  = {The {W}eb framework for perfectionists with deadlines},
  author = {Django},
  month  = {April},
  year   = {2009},
  note   = {\newline \url{http://www.djangoproject.com/}}
}

%Google
@MISC{account-auth-api,
  title  = {Authentication for {I}nstalled {A}pplications},
  author = {Google},
  year   = {2009},
  note   = {\newline \url{http://code.google.com/apis/accounts/docs/AuthForInstalledApps.html}}
}

@MISC{service-api,
  title  = {Product {APIs}},
  author = {Google},
  year   = {2009},
  note   = {\newline \url{http://code.google.com/more/\#products-apis-ajaxsearch}}
}

@MISC{google-apps-www,
  title  = {Google {A}pps},
  author = {Google},
  year   = {2009},
  note   = {\newline \url{http://www.google.com/apps/}}
}

@MISC{google-checkout-www,
  title  = {Google {C}heckout},
  author = {Google},
  year   = {2009},
  note   = {\newline \texttt{https://checkout.google.com/}}
}

%IBIS
@MISC{ibis-www,
  title  = {Ibis webpage},
  author = {Vrije Universiteit Amsterdam},
  year   = {2009},
  note   = {\newline \url{http://www.cs.vu.nl/ibis/}}
}

@MISC{javagat-www,
  title  = {Java{GAT} webpage},
  author = {Vrije Universiteit Amsterdam},
  year   = {2009},
  note   = {\newline \url{http://www.cs.vu.nl/ibis/javagat.html}}
}

@MISC{javagat-javadoc,
  title  = {Java{GAT} {J}avadoc},
  author = {Vrije Universiteit Amsterdam},
  year   = {2009},
  note   = {\newline \url{http://www.cs.vu.nl/ibis/javadoc/javagat/index.html}}
}

@MISC{ipl-www,
  title  = {{IPL} webpage},
  author = {Vrije Universiteit Amsterdam},
  year   = {2009},
  note   = {\newline \url{http://www.cs.vu.nl/ibis/ipl.html}}
}

@MISC{ipl-usersguide,
  title  = {Ibis Communication Library User’s Guide},
  author = {Vrije Universiteit Amsterdam},
  month  = {May},
  year   = {2008},
  note   = {\newline \url{http://www.cs.vu.nl/ibis/downloads/usersguide.pdf}}
}


%Other
@MISC{python-www,
  title  = {Python {P}rogramming {L}anguage - {O}fficial Website},
  author = {Python Software Foundation},
  year   = {2009},
  note   = {\newline \url{http://www.python.org/}}
}

@MISC{java-www,
  title  = {Developer {R}esources for {J}ava {T}echnology},
  author = {Sun Microsystems},
  year   = {2009},
  note   = {\newline \url{http://java.sun.com/}}
}


@MISC{soap-www,
  title  = {{SOAP} {S}pecification},
  author = {W3C},
  year   = {2009},
  note   = {\newline \url{http://www.w3.org/TR/soap/}}
}

@MISC{json-www,
  title  = {{JSON}},
  author = {Douglas Crockford},
  year   = {2009},
  note   = {\newline \url{http://www.json.org/}}
}

@MISC{simplejson-www,
  title  = {{simplejson}},
  author = {Bob Ippolito},
  year   = {2009},
  note   = {\newline \url{http://code.google.com/p/simplejson/}}
}

@MISC{json-lib-www,
  title  = {{Json-lib}},
  author = {Maven},
  year   = {2009},
  note   = {\newline \url{http://json-lib.sourceforge.net/}}
}

@MISC{das3-www,
  title  = {The {D}istributed {ASCI} {S}upercomputer 3},
  author = {Frank J. Seinstra and Kees Verstoep},
  year   = {2009},
  note   = {\newline \url{http://www.cs.vu.nl/das3/}}
}